[gd_scene load_steps=10 format=2]

[ext_resource path="res://src/game_engine.gd" type="Script" id=1]
[ext_resource path="res://src/tasks/task_selection.gd" type="Script" id=2]
[ext_resource path="res://Camera2D.gd" type="Script" id=3]
[ext_resource path="res://src/tasks/task_map.gd" type="Script" id=4]
[ext_resource path="res://tilesets/action_map_tileset.tres" type="TileSet" id=5]
[ext_resource path="res://src/map_generator/procedural_map_2d.tscn" type="PackedScene" id=6]
[ext_resource path="res://src/building/mob_spawner.tscn" type="PackedScene" id=7]
[ext_resource path="res://src/hud/HUD.tscn" type="PackedScene" id=8]
[ext_resource path="res://assets/Diggy Diggy Hole.wav" type="AudioStream" id=9]

[node name="Node" type="Node2D" index="0"]

script = ExtResource( 1 )
_sections_unfolded = [ "Transform" ]

[node name="task_selection" type="Node2D" parent="." index="0"]

z_index = 10
script = ExtResource( 2 )
_sections_unfolded = [ "Transform", "Z Index" ]
color = Color( 0.957031, 0.957031, 0.957031, 0.364627 )

[node name="Camera2D" type="Camera2D" parent="." index="1"]

position = Vector2( 1419.64, 867.269 )
anchor_mode = 1
rotating = false
current = true
zoom = Vector2( 2, 2 )
limit_left = -10000000
limit_top = -10000000
limit_right = 10000000
limit_bottom = 10000000
limit_smoothed = false
drag_margin_h_enabled = true
drag_margin_v_enabled = true
smoothing_enabled = false
smoothing_speed = 5.0
offset_v = 0.0
offset_h = 0.0
drag_margin_left = 0.2
drag_margin_top = 0.2
drag_margin_right = 0.2
drag_margin_bottom = 0.2
editor_draw_screen = true
editor_draw_limits = false
editor_draw_drag_margin = false
script = ExtResource( 3 )
deltaZoom = 0.02
deltaScroll = 10
delta_before_scroll = 0.05

[node name="action_map_2d" type="Node2D" parent="." index="2"]

editor/display_folded = true
z_index = -10
script = ExtResource( 4 )
_sections_unfolded = [ "Z Index" ]

[node name="TileMap" type="TileMap" parent="action_map_2d" index="0"]

z_index = 20
mode = 0
tile_set = ExtResource( 5 )
cell_size = Vector2( 32, 32 )
cell_quadrant_size = 16
cell_custom_transform = Transform2D( 1, 0, 0, 1, 0, 0 )
cell_half_offset = 2
cell_tile_origin = 0
cell_y_sort = false
cell_clip_uv = false
collision_use_kinematic = false
collision_friction = 1.0
collision_bounce = 0.0
collision_layer = 1
collision_mask = 1
occluder_light_mask = 1
format = 1
tile_data = PoolIntArray(  )
_sections_unfolded = [ "Cell", "Z Index" ]

[node name="procedural_map_2d" parent="." index="3" instance=ExtResource( 6 )]

z_index = -30
_sections_unfolded = [ "Transform", "Z Index" ]
home_size = 10
block_size = Vector2( 32, 32 )
dimensions = Vector2( 100, 100 )
start_point = Vector2( 20, 20 )

[node name="mob_spawner" parent="." index="4" instance=ExtResource( 7 )]

z_index = 20
_sections_unfolded = [ "Transform", "Z Index" ]
_spawn_rate = 3.0
_destination_node = NodePath("../mobs")

[node name="mobs" type="Node2D" parent="." index="5"]

z_index = 30
_sections_unfolded = [ "Z Index" ]

[node name="HUD" parent="." index="6" instance=ExtResource( 8 )]

[node name="AudioStreamPlayer" type="AudioStreamPlayer" parent="." index="7"]

stream = ExtResource( 9 )
volume_db = -10.0
pitch_scale = 1.0
autoplay = false
mix_target = 0
bus = "Master"


